@article{Huet97,
  author       = {G{\'{e}}rard Huet},
  title        = {The Zipper},
  journal      = {Journal of Functional Programming},
  volume       = {7},
  number       = {5},
  pages        = {549--554},
  year         = {1997},
  url          = {https://doi.org/10.1017/s0956796897002864}
}

@unpublished{McBride,
  author = {Conor McBride},
  title  = {The Derivative of a Regular Type is its Type of One-Hole Contexts},
  note   = {Unpublished extended abstract}
}
